@misc{helpnet,
	author = {Help Net Security},
	title = {{41.6 billion IoT devices will be generating 79.4 zettabytes of data in 2025}},
	howpublished = "\url{https://www.helpnetsecurity.com/2019/06/21/connected-iot-devices-forecast/}",
	year = {2019}, 
	note = "[Online; accessed 31-May-2021]"
}

@misc{malwarebytes,
	author = {Pieter Arntz},
	title = {{OVH cloud datacenter destroyed by fire}},
	howpublished = "\url{https://blog.malwarebytes.com/malwarebytes-news/2021/03/ovh-cloud-datacenter-destroyed-by-fire/}",
	year = {2021}, 
	note = "[Online; accessed 23-July-2021]"
}

@misc{thales1,
	author = {},
	title = {{}},
	howpublished = "\url{https://www.thalesgroup.com/en/markets/digital-identity-and-security/iot/iot-security}",
	year = {2021}, 
	note = "[Online; accessed 13-July-2021]"
}

@misc{thales2,
	author = {},
	title = {{}},
	howpublished = "\url{https://www.thalesgroup.com/en/markets/digital-identity-and-security/iot/iot-security/key-principles}",
	year = {2021}, 
	note = "[Online; accessed 13-July-2021]"
}

@misc{thales3,
	author = {},
	title = {{}},
	howpublished = "\url{https://www.thalesgroup.com/en/markets/digital-identity-and-security/iot/magazine/internet-threats}",
	year = {2021}, 
	note = "[Online; accessed 13-July-2021]"
}

@misc{arstechnica,
	author = {},
	title = {{}},
	howpublished = "\url{https://arstechnica.com/information-technology/2018/06/widely-used-d-link-modemrouter-under-mass-attack-by-potent-iot-botnet/}",
	year = {2021}, 
	note = "[Online; accessed 13-July-2021]"
}

@misc{enisa,
	author = {},
	title = {{}},
	howpublished = "\url{https://www.enisa.europa.eu/news/enisa-news/how-to-implement-security-by-design-for-iot}",
	year = {2021}, 
	note = "[Online; accessed 13-July-2021]"
}

@misc{thesun,
	author = {},
	title = {{}},
	howpublished = "\url{https://www.thesun.co.uk/tech/6062743/hackers-stole-casino-database-fish-tank/}",
	year = {2021}, 
	note = "[Online; accessed 13-July-2021]"
}

@misc{helpnetsecurity,
	author = {},
	title = {{}},
	howpublished = "\url{https://www.helpnetsecurity.com/2020/07/24/analysis-of-5-million-unmanaged-iot-and-iomt-devices/}",
	year = {2021}, 
	note = "[Online; accessed 13-July-2021]"
}

@misc{cpomagazine,
	author = {},
	title = {{}},
	howpublished = "\url{https://www.cpomagazine.com/cyber-security/rise-in-healthcare-data-breaches-driven-by-ransomware-attacks/}",
	year = {2021}, 
	note = "[Online; accessed 13-July-2021]"
}

@misc{owasp-iot-10,
	author = {},
	title = {{}},
	howpublished = "\url{https://owasp.org/www-pdf-archive/OWASP-IoT-Top-10-2018-final.pdf}",
	year = {2021}, 
	note = "[Online; accessed 13-July-2021]"
}

@misc{securityintelligence,
	author = {},
	title = {{}},
	howpublished = "\url{https://securityintelligence.com/news/bashlite-malware-uses-iot-for-ddos-attacks/}",
	year = {2021}, 
	note = "[Online; accessed 13-July-2021]"
}